@article{Biane_1997,
  doi = {10.1512/iumj.1997.46.1467},
  year = {1997},
  publisher = {Indiana University Mathematics Journal},
  volume = {46},
  number = {3},
  pages = {705-718},
  author = {Philippe Biane},
  title = {{On the free convolution with a semi-circular distribution}},
  journal = {Indiana University Mathematics Journal},
}
@article{Novak2012,
  archivePrefix = {arXiv},
  arxivId = {arXiv:1205.2097v1},
  author = {Novak, Jonathan},
  eprint = {arXiv:1205.2097v1},
  title = {{Three Lectures on Free Probability}},
  url = {https://arxiv.org/pdf/1205.2097.pdf},
  year = {2012}
}
@article{Baik2015,
archivePrefix = {arXiv},
arxivId = {arXiv:1505.07349v5},
author = {Baik, Jinho and Lee, Ji Oon},
eprint = {arXiv:1505.07349v5},
title = {{Fluctuations of the free energy of the spherical Sherringtonâ€“Kirkpatrick model}},
url = {https://arxiv.org/pdf/1505.07349.pdf},
year = {2015}
}
